@inproceedings{RF,
  author    = {..........},
  title     = {................},
  booktitle	= {........},
  year      = {..........},
}
